@book{tao2014analysis,
  title={Analysis I},
  author={Tao, Terence},
  series={Texts and readings in mathematics},
  url={https://terrytao.wordpress.com/books/analysis-i},
  year={2014},
  publisher={Hindustan Book Agency}
}
@book{dummit2003abstract,
  title={Abstract Algebra},
  author={Dummit, D.S. and Foote, R.M.},
  isbn={9780471433347},
  lccn={2003057652}, 
  year={2003},
  publisher={Wiley}
}
@misc{chen2024napkin,
  author = {Chen, Evan},
  title = {An Infinitely Large Napkin},
  url={\url{https://venhance.github.io/napkin/Napkin.pdf}},
  note = {Revision 1.6.20240911},
  month = sep,
  year = 2024
}
@book{stein2011fourier,
  title={Fourier analysis: an introduction},
  author={Stein, Elias M and Shakarchi, Rami},
  volume={1},
  year={2011},
  publisher={Princeton University Press}
}

